<?xml version="1.0" encoding="UTF-8"?><record xmlns="http://www.loc.gov/MARC21/slim" xmlns:cinclude="http://apache.org/cocoon/include/1.0" xmlns:zs="http://www.loc.gov/zing/srw/">
  <leader>00623cz  a2200157n  4500</leader>
  <controlfield tag="001">n 2003008683</controlfield>
  <controlfield tag="003">DLC</controlfield>
  <controlfield tag="005">20040909160159.0</controlfield>
  <controlfield tag="008">030626n| acannaabn          |a aaa      </controlfield>
  <datafield tag="010" ind1=" " ind2=" ">
    <subfield code="a">n 2003008683</subfield>
  </datafield>
  <datafield tag="040" ind1=" " ind2=" ">
    <subfield code="a">DLC</subfield>
    <subfield code="b">eng</subfield>
    <subfield code="c">DLC</subfield>
    <subfield code="d">DLC</subfield>
  </datafield>
  <datafield tag="100" ind1="1" ind2=" ">
    <subfield code="a">Lang, James M.</subfield>
  </datafield>
  <datafield tag="400" ind1="1" ind2=" ">
    <subfield code="a">Lang, Jim</subfield>
    <subfield code="q">(James M.)</subfield>
  </datafield>
  <datafield tag="670" ind1=" " ind2=" ">
    <subfield code="a">Lang, James M. Learning sickness, 2003:</subfield>
    <subfield code="b">ECIP data view (James M. Lang) data (Jim Lang)</subfield>
  </datafield>
  <datafield tag="670" ind1=" " ind2=" ">
    <subfield code="a">Lang, James M. Life on the tenure track, 2005:</subfield>
    <subfield code="b">ECIP t.p. (James M. Lang) data view (b. 1969)</subfield>
  </datafield>
  <datafield tag="670" ind1=" " ind2=" ">
    <subfield code="a">Phone call from publisher, Sept. 9, 2004 (same person authored Learning sickness and Life on the tenure track)</subfield>
  </datafield>
</record>